<?xml version = "1.0" encoding = "UTF-8"?><OAI-PMH xmlns="http://www.openarchives.org/OAI/2.0/" xmlns:xsi="http://www.w3.org/2001/XMLSchema-instance" xsi:schemaLocation="http://www.openarchives.org/OAI/2.0/ http://www.openarchives.org/OAI/2.0/OAI-PMH.xsd"><ListRecords><record><header><identifier>aleph-publish:018817059</identifier></header><metadata><record xmlns="http://www.ddb.de/professionell/mabxml/mabxml-1.xsd"><leader>00000nM2.01200024------h</leader><controlfield tag="LDR">00000nM2.01200024------h</controlfield><controlfield tag="FMT">MH</controlfield><datafield tag="001" ind1="-" ind2="1"><subfield code="a">HT016925914</subfield></datafield><datafield tag="002" ind1="a" ind2="1"><subfield code="a">20110802</subfield></datafield><datafield tag="003" ind1="-" ind2="1"><subfield code="a">20221125134927</subfield></datafield><datafield tag="020" ind1="a" ind2="1"><subfield code="a">2621309-6</subfield><subfield code="b">DNB</subfield></datafield><datafield tag="025" ind1="z" ind2="1"><subfield code="a">2621309-6</subfield></datafield><datafield tag="025" ind1="a" ind2="1"><subfield code="a">1013991753</subfield></datafield><datafield tag="025" ind1="o" ind2="1"><subfield code="a">1074705226</subfield></datafield><datafield tag="026" ind1="-" ind2="1"><subfield code="a">ZDB2621309-6</subfield></datafield><controlfield tag="030">a||u|||||||37</controlfield><datafield tag="036" ind1="a" ind2="1"><subfield code="a">XA-DE</subfield></datafield><datafield tag="037" ind1="b" ind2="1"><subfield code="a">ger</subfield></datafield><controlfield tag="050">||||||||g|||||</controlfield><controlfield tag="052">i||||||a|||||||</controlfield><datafield tag="060" ind1="-" ind2="1"><subfield code="b">txt</subfield><subfield code="a">Text</subfield></datafield><datafield tag="061" ind1="-" ind2="1"><subfield code="b">c</subfield><subfield code="a">Computermedien</subfield></datafield><datafield tag="062" ind1="-" ind2="1"><subfield code="b">cr</subfield><subfield code="a">Online-Ressource</subfield></datafield><datafield tag="064" ind1="a" ind2="1"><subfield code="a">Website</subfield><subfield code="9">(DE-588)4596172-4</subfield></datafield><datafield tag="070" ind1="-" ind2="1"><subfield code="a">0929</subfield></datafield><datafield tag="070" ind1="a" ind2="1"><subfield code="a">DNB</subfield></datafield><datafield tag="070" ind1="b" ind2="1"><subfield code="a">9001</subfield></datafield><datafield tag="076" ind1="c" ind2="1"><subfield code="a">la</subfield></datafield><datafield tag="078" ind1="z" ind2="1"><subfield code="a">lzZDB</subfield></datafield><datafield tag="331" ind1="-" ind2="1"><subfield code="a">Edoweb Rheinland-Pfalz</subfield></datafield><datafield tag="335" ind1="-" ind2="1"><subfield code="a">Archivserver für elektronische Dokumente und Websites aus Rheinland-Pfalz</subfield></datafield><datafield tag="405" ind1="-" ind2="1"><subfield code="a">Nachgewiesen 1835 -</subfield></datafield><datafield tag="406" ind1="b" ind2="1"><subfield code="j">1835</subfield></datafield><datafield tag="419" ind1="-" ind2="1"><subfield code="a">Koblenz</subfield><subfield code="b">Landesbibliothekszentrum Rheinland-Pfalz</subfield><subfield code="c">1835-</subfield><subfield code="A">3</subfield></datafield><datafield tag="425" ind1="a" ind2="1"><subfield code="a">1835</subfield></datafield><datafield tag="433" ind1="-" ind2="1"><subfield code="a">Online-Ressource</subfield></datafield><datafield tag="501" ind1="-" ind2="1"><subfield code="a">Gesehen am: 02.08.11</subfield></datafield><datafield tag="523" ind1="-" ind2="1"><subfield code="a">Enth. Volltexte u. layoutgetreute Digitalisate von  Zeitungen, Zeitschriften, u.a. aus Rheinland-Pfalz</subfield></datafield><datafield tag="583" ind1="-" ind2="1"><subfield code="a">Archivierung/Langzeitarchivierung gewährleistet</subfield><subfield code="f">PERP</subfield><subfield code="5">DE-929</subfield><subfield code="2">pdager</subfield></datafield><datafield tag="655" ind1="e" ind2="1"><subfield code="u">http://www.edoweb-rlp.de</subfield><subfield code="x">Verlag</subfield><subfield code="z">kostenfrei</subfield><subfield code="A">0</subfield></datafield><datafield tag="700" ind1="-" ind2="1"><subfield code="a">070</subfield><subfield code="2">ZDB</subfield></datafield><datafield tag="700" ind1="l" ind2="1"><subfield code="a">000 ; 130 ; 140</subfield></datafield><controlfield tag="SYS">018817059</controlfield><datafield tag="LOW" ind1="-" ind2="1"><subfield code="a">A5</subfield></datafield><datafield tag="LOW" ind1="-" ind2="1"><subfield code="a">K0</subfield></datafield><datafield tag="LOW" ind1="-" ind2="1"><subfield code="a">B5</subfield></datafield><datafield tag="LOW" ind1="-" ind2="1"><subfield code="a">C5</subfield></datafield><datafield tag="LOW" ind1="-" ind2="1"><subfield code="a">D0</subfield></datafield><datafield tag="LOW" ind1="-" ind2="1"><subfield code="a">E0</subfield></datafield><datafield tag="LOW" ind1="-" ind2="1"><subfield code="a">F0</subfield></datafield><datafield tag="LOW" ind1="-" ind2="1"><subfield code="a">G5</subfield></datafield><datafield tag="LOW" ind1="-" ind2="1"><subfield code="a">H7</subfield></datafield><datafield tag="LOW" ind1="-" ind2="1"><subfield code="a">K0001</subfield></datafield><datafield tag="LOW" ind1="-" ind2="1"><subfield code="a">K7</subfield></datafield><datafield tag="LOW" ind1="-" ind2="1"><subfield code="a">KD</subfield></datafield><datafield tag="LOW" ind1="-" ind2="1"><subfield code="a">KH</subfield></datafield><datafield tag="LOW" ind1="-" ind2="1"><subfield code="a">KM</subfield></datafield><datafield tag="LOW" ind1="-" ind2="1"><subfield code="a">L0</subfield></datafield><datafield tag="LOW" ind1="-" ind2="1"><subfield code="a">L5</subfield></datafield><datafield tag="LOW" ind1="-" ind2="1"><subfield code="a">M0</subfield></datafield><datafield tag="LOW" ind1="-" ind2="1"><subfield code="a">N5</subfield></datafield><datafield tag="LOW" ind1="-" ind2="1"><subfield code="a">P0001</subfield></datafield><datafield tag="LOW" ind1="-" ind2="1"><subfield code="a">R0</subfield></datafield><datafield tag="LOW" ind1="-" ind2="1"><subfield code="a">R1</subfield></datafield><datafield tag="LOW" ind1="-" ind2="1"><subfield code="a">R2</subfield></datafield><datafield tag="LOW" ind1="-" ind2="1"><subfield code="a">R3</subfield></datafield><datafield tag="LOW" ind1="-" ind2="1"><subfield code="a">RL</subfield></datafield><datafield tag="LOW" ind1="-" ind2="1"><subfield code="a">T0011</subfield></datafield><datafield tag="LOW" ind1="-" ind2="1"><subfield code="a">T0012</subfield></datafield><datafield tag="LOW" ind1="-" ind2="1"><subfield code="a">V0</subfield></datafield><datafield tag="LOW" ind1="-" ind2="1"><subfield code="a">X0</subfield></datafield><datafield tag="LOW" ind1="-" ind2="1"><subfield code="a">X5</subfield></datafield><datafield tag="LOW" ind1="-" ind2="1"><subfield code="a">X7</subfield></datafield><datafield tag="LOW" ind1="-" ind2="1"><subfield code="a">R0001</subfield></datafield><datafield tag="GKZ" ind1="-" ind2="1"><subfield code="a">KF</subfield></datafield><datafield tag="GKZ" ind1="-" ind2="1"><subfield code="a">KF</subfield></datafield><datafield tag="GKZ" ind1="-" ind2="1"><subfield code="a">KF</subfield></datafield><datafield tag="LOW" ind1="-" ind2="1"><subfield code="a">A5001</subfield></datafield><datafield tag="LOW" ind1="-" ind2="1"><subfield code="a">N5001</subfield></datafield><datafield tag="LOW" ind1="-" ind2="1"><subfield code="a">L5001</subfield></datafield><datafield tag="088" ind1=" " ind2=" "><subfield code="a">929</subfield><subfield code="b">Online-Zugang</subfield><subfield code="d">1835 -</subfield></datafield><datafield tag="088" ind1=" " ind2=" "><subfield code="a">38</subfield></datafield><datafield tag="088" ind1=" " ind2=" "><subfield code="a">466</subfield></datafield><datafield tag="088" ind1=" " ind2=" "><subfield code="a">385</subfield></datafield><datafield tag="088" ind1=" " ind2=" "><subfield code="a">Tr 5</subfield></datafield><datafield tag="088" ind1=" " ind2=" "><subfield code="a">A 96</subfield></datafield><datafield tag="088" ind1=" " ind2=" "><subfield code="a">829</subfield></datafield><datafield tag="088" ind1=" " ind2=" "><subfield code="a">743</subfield></datafield><datafield tag="200" ind1=" " ind2="9"><subfield code="0">1</subfield><subfield code="b">1835 -</subfield><subfield code="e">Zugriff in allen Räumlichkeiten der LBZ-Bibliotheken</subfield><subfield code="g">Online-Zugang</subfield><subfield code="2">R0001</subfield></datafield><datafield tag="652" ind1="a" ind2="9"><subfield code="a">Online-Ressource</subfield><subfield code="2">R0001</subfield></datafield><datafield tag="655" ind1="e" ind2="9"><subfield code="u">http://www.edoweb-rlp.de</subfield><subfield code="2">R0001</subfield></datafield></record></metadata></record></ListRecords></OAI-PMH>